[gd_scene load_steps=20 format=2]

[ext_resource path="res://Scripts/CameraFreeLook2D.gd" type="Script" id=1]
[ext_resource path="res://Scripts/DAGarden.gd" type="Script" id=2]
[ext_resource path="res://Assets/Sprites/DAGarden.jpg" type="Texture" id=3]
[ext_resource path="res://Assets/Sprites/Tree.png" type="Texture" id=4]
[ext_resource path="res://Assets/Fonts/Roboto-Black.ttf" type="DynamicFontData" id=5]
[ext_resource path="res://Assets/Fonts/Roboto-Bold.ttf" type="DynamicFontData" id=6]
[ext_resource path="res://Assets/Sprites/Big.png" type="Texture" id=7]
[ext_resource path="res://Assets/Fonts/Roboto-Italic.ttf" type="DynamicFontData" id=8]
[ext_resource path="res://Assets/Sprites/Pig.png" type="Texture" id=9]
[ext_resource path="res://Assets/Sprites/Chuck.png" type="Texture" id=10]
[ext_resource path="res://Assets/Instancable/Debug.tscn" type="PackedScene" id=11]
[ext_resource path="res://Assets/Sprites/Birdbrain.png" type="Texture" id=12]

[sub_resource type="DynamicFont" id=3]
size = 39
font_data = ExtResource( 5 )

[sub_resource type="StyleBoxFlat" id=4]
bg_color = Color( 0, 0, 0, 0.392157 )
corner_radius_top_left = 97
corner_radius_top_right = 1024
corner_radius_bottom_right = 97
corner_radius_bottom_left = 1024
expand_margin_left = 100.0
expand_margin_right = 100.0
expand_margin_top = 5.0
expand_margin_bottom = 42.0

[sub_resource type="DynamicFont" id=5]
size = 80
font_data = ExtResource( 6 )

[sub_resource type="StyleBoxEmpty" id=6]

[sub_resource type="StyleBoxEmpty" id=7]

[sub_resource type="DynamicFont" id=8]
font_data = ExtResource( 8 )

[sub_resource type="DynamicFont" id=9]
font_data = ExtResource( 6 )

[node name="Control" type="Node2D"]
script = ExtResource( 2 )

[node name="Sprite" type="Sprite" parent="."]
self_modulate = Color( 0.529412, 0.407843, 0.827451, 1 )
scale = Vector2( 0.8, 0.8 )
texture = ExtResource( 3 )

[node name="Sprite2" type="Sprite" parent="Sprite"]
self_modulate = Color( 0.529412, 0.407843, 0.827451, 1 )
position = Vector2( -131.25, 156.25 )
scale = Vector2( 0.401235, 0.334052 )
texture = ExtResource( 10 )

[node name="Big" type="Sprite" parent="Sprite"]
self_modulate = Color( 0.529412, 0.407843, 0.827451, 1 )
position = Vector2( 202.5, -60 )
rotation = -0.444842
scale = Vector2( 1.25, 1.25 )
texture = ExtResource( 7 )
flip_h = true

[node name="Pig" type="Sprite" parent="Sprite/Big"]
self_modulate = Color( 0.529412, 0.407843, 0.827451, 1 )
position = Vector2( 21.9701, -78.3426 )
scale = Vector2( 0.173877, 0.17881 )
texture = ExtResource( 9 )

[node name="Tree" type="Sprite" parent="Sprite"]
self_modulate = Color( 0.529412, 0.407843, 0.827451, 1 )
position = Vector2( -116.25, 35 )
scale = Vector2( 0.104167, 0.100688 )
texture = ExtResource( 4 )

[node name="Birdbrain" type="Sprite" parent="Sprite"]
self_modulate = Color( 0.529412, 0.407843, 0.827451, 1 )
position = Vector2( -671.25, 217.5 )
scale = Vector2( 1.25, 1.25 )
texture = ExtResource( 12 )

[node name="Camera2D" type="Camera2D" parent="."]
current = true

[node name="Control" type="Control" parent="Camera2D"]
anchor_right = 1.0
anchor_bottom = 1.0

[node name="CanvasLayer" type="CanvasLayer" parent="Camera2D/Control"]

[node name="Label" type="Label" parent="Camera2D/Control/CanvasLayer"]
anchor_left = 0.5
anchor_top = 0.5
anchor_right = 0.5
anchor_bottom = 0.5
margin_left = -230.0
margin_top = -223.0
margin_right = 230.0
margin_bottom = -176.0
custom_fonts/font = SubResource( 3 )
custom_styles/normal = SubResource( 4 )
text = "1. Main Menu"
align = 1
valign = 1

[node name="PrevSong" type="Button" parent="Camera2D/Control/CanvasLayer/Label"]
anchor_top = 0.5
anchor_bottom = 0.5
margin_left = -56.0
margin_top = -32.5
margin_right = -3.0
margin_bottom = 68.5
mouse_default_cursor_shape = 2
custom_fonts/font = SubResource( 5 )
custom_styles/focus = SubResource( 6 )
shortcut_in_tooltip = false
text = "<"
flat = true
clip_text = true

[node name="NextSong" type="Button" parent="Camera2D/Control/CanvasLayer/Label"]
anchor_left = 1.0
anchor_top = 0.5
anchor_right = 1.0
anchor_bottom = 0.5
margin_left = 3.0
margin_top = -32.5
margin_right = 56.0
margin_bottom = 68.5
mouse_default_cursor_shape = 2
custom_fonts/font = SubResource( 5 )
custom_styles/focus = SubResource( 7 )
shortcut_in_tooltip = false
text = ">"
flat = true
clip_text = true

[node name="HSlider" type="HSlider" parent="Camera2D/Control/CanvasLayer/Label"]
anchor_left = 0.5
anchor_top = 0.5
anchor_right = 0.5
anchor_bottom = 0.5
margin_left = -205.0
margin_top = 43.5
margin_right = 205.0
margin_bottom = 59.5
step = 0.0

[node name="Label" type="Label" parent="Camera2D/Control/CanvasLayer/Label"]
anchor_left = 0.5
anchor_top = 0.5
anchor_right = 0.5
anchor_bottom = 0.5
margin_left = -137.0
margin_top = 20.5
margin_right = 137.0
margin_bottom = 34.5
custom_fonts/font = SubResource( 8 )
text = "From Learn to Fly 3"
align = 1
valign = 1

[node name="Button" type="Button" parent="Camera2D/Control/CanvasLayer"]
anchor_left = 0.5
anchor_top = 1.0
anchor_right = 0.5
anchor_bottom = 1.0
margin_left = -98.5
margin_top = -89.0
margin_right = 98.5
margin_bottom = -64.0
mouse_default_cursor_shape = 2
custom_fonts/font = SubResource( 9 )
text = "Back"

[node name="ColorRect" type="ColorRect" parent="Camera2D/Control/CanvasLayer"]
anchor_right = 1.0
anchor_bottom = 1.0
mouse_filter = 2

[node name="Debug" parent="Camera2D/Control/CanvasLayer" instance=ExtResource( 11 )]

[node name="AudioStreamPlayer" type="AudioStreamPlayer" parent="."]
volume_db = -80.0
bus = "Music"

[node name="Tween" type="Tween" parent="."]

[node name="Camera2D2" type="Camera2D" parent="."]
script = ExtResource( 1 )

[connection signal="pressed" from="Camera2D/Control/CanvasLayer/Label/PrevSong" to="." method="_on_PrevSong_pressed"]
[connection signal="pressed" from="Camera2D/Control/CanvasLayer/Label/NextSong" to="." method="_on_NextSong_pressed"]
[connection signal="drag_ended" from="Camera2D/Control/CanvasLayer/Label/HSlider" to="." method="_on_HSlider_drag_ended"]
[connection signal="drag_started" from="Camera2D/Control/CanvasLayer/Label/HSlider" to="." method="_on_HSlider_drag_started"]
[connection signal="pressed" from="Camera2D/Control/CanvasLayer/Button" to="." method="_on_Button_pressed"]
